@article{bach2017,
  author  = {Bach, R. A. and Defever, A. M. and Chopik, W. J. and Konrath, S. H.},
  title   = {Geographic variation in empathy: A state-level analysis},
  journal = {Journal of Research in Personality},
  year    = {2017},
  volume  = {68},
  pages   = {124--130}
}

@techreport{dennis2016,
  author       = {Dennis, J. M.},
  title        = {Technical overview of the AmeriSpeak Panel},
  year         = {2016},
  institution  = {NORC at the University of Chicago},
  url          = {http://www.norc.org/PDFs/AmeriSpeak%20Technical%20Overview%202015%2011%2025.pdf}
}

@article{dominici2003,
  author  = {Dominici, F. and McDermott, A. and Zeger, S. L. and Samet, J. M.},
  title   = {National maps of the effects of particulate matter on mortality},
  journal = {Environmental Health Perspectives},
  year    = {2003},
  volume  = {111},
  number  = {1},
  pages   = {39}
}

@article{florida2013,
  author  = {Florida, R. and Mellander, C. and Rentfrow, P. J.},
  title   = {The happiness of cities},
  journal = {Regional Studies},
  year    = {2013},
  volume  = {47},
  number  = {4},
  pages   = {613--627}
}

@book{garreau1981,
  author    = {Garreau, Joel},
  title     = {The Nine Nations of North America},
  year      = {1981},
  publisher = {Houghton Mifflin},
  address   = {Boston}
}

@article{lieske1993,
  author  = {Lieske, J.},
  title   = {Regional subcultures of the United States},
  journal = {Journal of Politics},
  year    = {1993},
  volume  = {55},
  number  = {4},
  pages   = {888--913}
}

@article{maibach2014,
  author  = {Maibach, E. and Maxfield, A. and Ladin, K. and Slater, M.},
  title   = {Translating health psychology into effective health communication},
  journal = {Journal of Health Psychology},
  year    = {2014},
  volume  = {1},
  number  = {3},
  pages   = {261--277}
}

@article{rentfrow2013,
  author  = {Rentfrow, P. J. and Gosling, S. D. and Jokela, M. and Stillwell, D. J. and Kosinski, M. and Potter, J.},
  title   = {Divided we stand: Three psychological regions of the United States and their correlates},
  journal = {Journal of Personality and Social Psychology},
  year    = {2013},
  volume  = {105},
  number  = {6},
  pages   = {996--1012}
}

@article{wilcox2000,
  author  = {Wilcox, S. and Castro, C. and King, A. C. and Housemann, R. and Brownson, R. C.},
  title   = {Determinants of leisure-time physical activity in rural vs. urban older women},
  journal = {Journal of Epidemiology & Community Health},
  year    = {2000},
  volume  = {54},
  number  = {9},
  pages   = {667--672}
}
